@book{ref1,
  title={The Theory of Graphs},
  author={Berge, Claude},
  year={2001},
  publisher={Dover},
  address={Mineola},
  pages={247},
  isbn={0486419754}
}

@book{ref2,
  title={Algorithms in C++: Volume 2, Part 5: Graph Algorithms},
  author={Sedgewick, Robert},
  edition={3},
  year={2002},
  publisher={Addison-Wesley},
  address={Boston},
  pages={496},
  isbn={0201361183}
}

@book{ref3,
  title={Introduction to Graph Theory},
  author={West, Douglas Brent},
  edition={2},
  year={2001},
  publisher={Prentice Hall},
  address={Upper Saddle River},
  pages={588},
  isbn={0130144002}
}